<?xml version="1.0" encoding="UTF-8"?><collection xmlns="http://www.loc.gov/MARC21/slim"><record><leader>00467nam--2200157-i-4500</leader><controlfield tag="001">000047953</controlfield><controlfield tag="002">20161230</controlfield><controlfield tag="005">20170206235142</controlfield><controlfield tag="008">060222s1000------------r-----000-0-eng-d</controlfield><datafield ind1=" " ind2=" " tag="080"><subfield code="a">539.1.07(016)</subfield></datafield><datafield ind1=" " ind2=" " tag="245"><subfield code="a">Wykaz literatury z zakresu polprzewodnikowych detektorow promieniowania jadsrowego</subfield></datafield><datafield ind1=" " ind2=" " tag="260"><subfield code="a">Warszaw</subfield><subfield code="b">Centralna Biblioteka Nukleoniczna</subfield><subfield code="c">1961</subfield></datafield><datafield ind1=" " ind2=" " tag="300"><subfield code="a">14 p</subfield></datafield><datafield ind1=" " ind2=" " tag="490"><subfield code="a">01-18, Osrodek Informacji</subfield></datafield><datafield ind1=" " ind2=" " tag="852"><subfield code="a">D.1039</subfield></datafield><datafield ind1=" " ind2=" " tag="CAT"><subfield code="a">SYS</subfield><subfield code="c">20170206</subfield><subfield code="h">235142</subfield></datafield></record></collection>